<record><leader>00000cas a2200000 a 4500</leader><controlfield tag="001">28919045</controlfield><controlfield tag="008">930930d187u18uuiluwr ne      0   a0eng c</controlfield><datafield ind1=" " ind2=" " tag="010"><subfield code="a">sn 93057165 </subfield></datafield><datafield ind1=" " ind2=" " tag="040"><subfield code="a">NVF</subfield><subfield code="b">eng</subfield><subfield code="c">NVF</subfield><subfield code="d">OCLCQ</subfield><subfield code="d">UAB</subfield><subfield code="d">OCLCO</subfield><subfield code="d">OCLCQ</subfield><subfield code="d">OCLCO</subfield><subfield code="d">OCLCF</subfield><subfield code="d">OCLCO</subfield><subfield code="d">NVF</subfield><subfield code="d">OCLCO</subfield><subfield code="d">OCL</subfield></datafield><datafield ind1="1" ind2=" " tag="029"><subfield code="a">AU@</subfield><subfield code="b">000025854926</subfield></datafield><datafield ind1=" " ind2=" " tag="042"><subfield code="a">pcc</subfield></datafield><datafield ind1=" " ind2=" " tag="043"><subfield code="a">n-us-il</subfield></datafield><datafield ind1="0" ind2=" " tag="130"><subfield code="a">Normal herald (Park Ridge, Ill.)</subfield></datafield><datafield ind1="1" ind2="0" tag="245"><subfield code="a">Normal herald.</subfield></datafield><datafield ind1=" " ind2=" " tag="260"><subfield code="a">Park Ridge, Cook Co., Ill. :</subfield><subfield code="b">S.W. Davis</subfield></datafield><datafield ind1=" " ind2=" " tag="300"><subfield code="a">v.</subfield></datafield><datafield ind1=" " ind2=" " tag="310"><subfield code="a">Weekly</subfield></datafield><datafield ind1=" " ind2=" " tag="500"><subfield code="a">Previously classified as a periodical.</subfield></datafield><datafield ind1=" " ind2=" " tag="588"><subfield code="a">Description based on: New ser. v. 1, no. 12 (Mar. 18, 1876).</subfield></datafield><datafield ind1=" " ind2=" " tag="588"><subfield code="a">Latest issue consulted: New ser. v. 1, no. 12 (Mar. 18, 1876).</subfield></datafield><datafield ind1=" " ind2="0" tag="650"><subfield code="a">English language</subfield><subfield code="z">Illinois</subfield><subfield code="z">Park Ridge</subfield><subfield code="x">Orthography and spelling</subfield><subfield code="v">Newspapers.</subfield></datafield><datafield ind1=" " ind2="0" tag="650"><subfield code="a">Shorthand</subfield><subfield code="v">Newspapers.</subfield></datafield><datafield ind1=" " ind2="0" tag="650"><subfield code="a">Education</subfield><subfield code="z">Illinois</subfield><subfield code="z">Park Ridge</subfield><subfield code="v">Newspapers.</subfield></datafield><datafield ind1=" " ind2="0" tag="650"><subfield code="a">Phonetics</subfield><subfield code="v">Newspapers.</subfield></datafield><datafield ind1=" " ind2="0" tag="651"><subfield code="a">Park Ridge (Ill.)</subfield><subfield code="v">Newspapers.</subfield></datafield><datafield ind1=" " ind2="7" tag="655"><subfield code="a">Newspapers.</subfield><subfield code="2">fast</subfield><subfield code="0">(OCoLC)fst01423814</subfield></datafield><datafield ind1=" " ind2="7" tag="650"><subfield code="a">Education.</subfield><subfield code="2">fast</subfield><subfield code="0">(OCoLC)fst00902499</subfield></datafield><datafield ind1=" " ind2="7" tag="650"><subfield code="a">English language</subfield><subfield code="x">Orthography and spelling.</subfield><subfield code="2">fast</subfield><subfield code="0">(OCoLC)fst00911459</subfield></datafield><datafield ind1=" " ind2="7" tag="650"><subfield code="a">Phonetics.</subfield><subfield code="2">fast</subfield><subfield code="0">(OCoLC)fst01061262</subfield></datafield><datafield ind1=" " ind2="7" tag="650"><subfield code="a">Shorthand.</subfield><subfield code="2">fast</subfield><subfield code="0">(OCoLC)fst01117494</subfield></datafield><datafield ind1=" " ind2="7" tag="651"><subfield code="a">Illinois</subfield><subfield code="z">Park Ridge.</subfield><subfield code="2">fast</subfield><subfield code="0">(OCoLC)fst01232339</subfield></datafield><datafield ind1=" " ind2=" " tag="752"><subfield code="a">United States</subfield><subfield code="b">Illinois</subfield><subfield code="c">Cook</subfield><subfield code="d">Park Ridge.</subfield></datafield></record>